<record><leader>00000cas a2200000 a 4500</leader><controlfield tag="001">1443014</controlfield><controlfield tag="008">750711d189u19uufluwr ne      0    0eng c</controlfield><datafield ind1=" " ind2=" " tag="010"><subfield code="a">sn 95047330 </subfield></datafield><datafield ind1=" " ind2=" " tag="040"><subfield code="a">FUL</subfield><subfield code="b">eng</subfield><subfield code="c">FUL</subfield><subfield code="d">FUG</subfield><subfield code="d">OCLCQ</subfield><subfield code="d">OCLCF</subfield><subfield code="d">OCLCO</subfield></datafield><datafield ind1=" " ind2=" " tag="012"><subfield code="i">9511</subfield></datafield><datafield ind1="1" ind2=" " tag="029"><subfield code="a">AU@</subfield><subfield code="b">000025891442</subfield></datafield><datafield ind1=" " ind2=" " tag="042"><subfield code="a">pcc</subfield></datafield><datafield ind1=" " ind2=" " tag="043"><subfield code="a">n-us-fl</subfield></datafield><datafield ind1="0" ind2="4" tag="245"><subfield code="a">The Quincy Florida herald.</subfield></datafield><datafield ind1="1" ind2="3" tag="246"><subfield code="a">Herald and new era</subfield><subfield code="f">&lt;May 1902&gt;</subfield></datafield><datafield ind1="1" ind2="3" tag="246"><subfield code="a">Quincy herald</subfield><subfield code="f">&lt;1892-1895&gt;</subfield></datafield><datafield ind1="1" ind2="3" tag="246"><subfield code="a">Herald</subfield><subfield code="f">&lt;1892-1895&gt;</subfield></datafield><datafield ind1=" " ind2=" " tag="260"><subfield code="a">Quincy, Fla. :</subfield><subfield code="b">W.W. Keep</subfield></datafield><datafield ind1=" " ind2=" " tag="300"><subfield code="a">v.</subfield></datafield><datafield ind1=" " ind2=" " tag="310"><subfield code="a">Weekly</subfield></datafield><datafield ind1=" " ind2=" " tag="500"><subfield code="a">Editor: Claude N. Bateman, &lt;May 1902&gt;.</subfield></datafield><datafield ind1=" " ind2=" " tag="500"><subfield code="a">Publisher: Quincy Print. Co., &lt;May 1902&gt;.</subfield></datafield><datafield ind1=" " ind2=" " tag="588"><subfield code="a">Description based on: Vol. 16, no. 18 (Apr. 30, 1892).</subfield></datafield><datafield ind1=" " ind2=" " tag="588"><subfield code="a">Latest issue consulted: Vol. 19, no. 8 (Feb. 23, 1895).</subfield></datafield><datafield ind1=" " ind2="0" tag="651"><subfield code="a">Quincy (Fla.)</subfield><subfield code="v">Newspapers.</subfield></datafield><datafield ind1=" " ind2="0" tag="651"><subfield code="a">Gadsden County (Fla.)</subfield><subfield code="v">Newspapers.</subfield></datafield><datafield ind1=" " ind2="7" tag="655"><subfield code="a">Newspapers.</subfield><subfield code="2">fast</subfield><subfield code="0">(OCoLC)fst01423814</subfield></datafield><datafield ind1=" " ind2="7" tag="651"><subfield code="a">Florida</subfield><subfield code="z">Gadsden County.</subfield><subfield code="2">fast</subfield><subfield code="0">(OCoLC)fst01212373</subfield></datafield><datafield ind1=" " ind2="7" tag="651"><subfield code="a">Florida</subfield><subfield code="z">Quincy.</subfield><subfield code="2">fast</subfield><subfield code="0">(OCoLC)fst01216176</subfield></datafield><datafield ind1=" " ind2=" " tag="752"><subfield code="a">United States</subfield><subfield code="b">Florida</subfield><subfield code="c">Gadsden</subfield><subfield code="d">Quincy.</subfield></datafield><datafield ind1="0" ind2="0" tag="780"><subfield code="t">Quincy herald (Quincy, Fla.)</subfield><subfield code="w">(DLC)sn 95047329</subfield><subfield code="w">(OCoLC)1443026</subfield></datafield><datafield ind1="0" ind2="5" tag="780"><subfield code="t">Quincy new era</subfield><subfield code="w">(DLC)sn 95047331</subfield><subfield code="w">(OCoLC)33483649</subfield></datafield><datafield ind1=" " ind2=" " tag="850"><subfield code="a">FU</subfield></datafield></record>